@article{article-1,
  author   = {Тропченко, А. Ю.},
  title    = {МЕТОДЫ СЖАТИЯ ИЗОБРАЖЕНИЙ, АУДИОСИГНАЛОВ И ВИДЕО},
  journal  = {Санкт-Петербург, ИТМО},
  year     = {2023},
  pages    = {8-42},
}

@article{article-2,
  author   = {Лежнев, В. Г.},
  title    = {МАТЕМАТИЧЕСКИЕ АЛГОРИТМЫ СЖАТИЯ ИЗОБРАЖЕНИЙ},
  journal  = {Краснодар, КГУ},
  year     = {2021},
  pages    = {20-26},
}

@online{online-1,
  language = "english",
  title    = "Digital image compression: An overview [Электронный ресурс]",
  note     = "Режим доступа URL: \url{https://www.educative.io/blog/digital-image-compression} (Дата обращения: 29.11.2023)"
}

@online{online-2,
  language = "english",
  title    = "What is image compression? [Электронный ресурс]",
  note     = "Режим доступа URL: \url{https://www.cloudflare.com/learning/performance/glossary/what-is-image-compression/} (Дата обращения: 29.11.2023)"
}

@online{online-3,
  language = "english",
  title    = "Run-Length Encoding (RLE) [Электронный ресурс]",
  note     = "Режим доступа URL: \url{https://www.fileformat.info/mirror/egff/ch09_03.htm} (Дата обращения: 29.11.2023)"
}

@online{online-4,
  language = "english",
  title    = "LZW (Lempel–Ziv–Welch) Compression Technique [Электронный ресурс]",
  note     = "Режим доступа URL: \url{https://www.scaler.com/topics/lzw-compression/} (Дата обращения: 29.11.2023)"
}

@online{online-5,
  language = "english",
  title    = "LZW compression [Электронный ресурс]",
  note     = "Режим доступа URL: \url{https://www.geeksforgeeks.org/lzw-lempel-ziv-welch-compression-technique/} (Дата обращения: 29.05.2024)"
}

@online{online-6,
  language = "english",
  title    = "[MS-RDPEGFX]: Unary Encoding [Электронный ресурс]",
  note     = "Режим доступа URL: \url{https://learn.microsoft.com/en-us/openspecs/windows_protocols/ms-rdpegfx/11bf987b-eeba-4ed8-8fd2-0c89f632382b} (Дата обращения: 29.11.2023)"
}

@online{online-7,
  language = "english",
  title    = "Huffman Coding Algorithm [Электронный ресурс]",
  note     = "Режим доступа URL: \url{https://www.programiz.com/dsa/huffman-coding} (Дата обращения: 29.11.2023)"
}

@online{online-8,
  language = "english",
  title    = "Huffman Coding and Decoding Algorithm [Электронный ресурс]",
  note     = "Режим доступа URL: \url{https://www.topcoder.com/thrive/articles/huffman-coding-and-decoding-algorithm} (Дата обращения: 29.05.2024)"
}

@online{online-9,
  language = "english",
  title    = "Data Compression with Arithmetic Coding [Электронный ресурс]",
  note     = "Режим доступа URL: \url{https://www.scaler.com/topics/data-compression-with-arithmetic-coding/} (Дата обращения: 29.11.2023)"
}

@online{online-10,
  language = "english",
  title    = "JPEG Compression Explained [Электронный ресурс]",
  note     = "Режим доступа URL: \url{https://www.baeldung.com/cs/jpeg-compression} (Дата обращения: 29.11.2023)"
}

@online{online-11,
  language = "english",
  title    = "Wavelet-Based Image Compression [Электронный ресурс]",
  note     = "Режим доступа URL: \url{https://www.clear.rice.edu/elec301/Projects00/wavelet_image_comp/img-compression-theory.html} (Дата обращения: 29.11.2023)"
}

@online{online-12,
  language = "english",
  title    = "Optimization of Fractal Image Compression [Электронный ресурс]",
  note     = "Режим доступа URL: \url{https://www.intechopen.com/chapters/72917} (Дата обращения: 29.11.2023)"
}

@online{online-13,
  language = "english",
  title    = "HTML RGB and RGBA Colors [Электронный ресурс]",
  note     = "Режим доступа URL: \url{https://www.w3schools.com/html/html_colors_rgb.asp} (Дата обращения: 29.11.2023)"
}

@online{online-14,
  language = "english",
  title    = "Colors CMYK [Электронный ресурс]",
  note     = "Режим доступа URL: \url{https://www.w3schools.com/colors/colors_cmyk.asp} (Дата обращения: 29.11.2023)"
}

@online{online-15,
  language = "english",
  title    = "Lab Color --- MATLAB and Simulink [Электронный ресурс]",
  note     = "Режим доступа URL: \url{https://www.mathworks.com/discovery/lab-color.html} (Дата обращения: 29.11.2023)"
}

@online{online-16,
  language = "english",
  title    = "The HSB Color System: A Practitioner's Primer [Электронный ресурс]",
  note     = "Режим доступа URL: \url{https://www.learnui.design/blog/the-hsb-color-system-practicioners-primer.html} (Дата обращения: 29.11.2023)"
}

@online{Python,
  language = "english",
  title    = "Welcome to Python [Электронный ресурс]",
  note     = "Режим доступа URL: \url{https://www.python.org} (Дата обращения: 18.01.2025)"
}

@online{Bitarray,
  language = "english",
  title    = "bitarray [Электронный ресурс]",
  note     = "Режим доступа URL: \url{https://pypi.org/project/bitarray/} (Дата обращения: 18.01.2025)"
}

@online{Progress,
  language = "english",
  title    = "progress [Электронный ресурс]",
  note     = "Режим доступа URL: \url{https://pypi.org/project/progress/} (Дата обращения: 18.01.2025)"
}

@online{Subprocess,
  language = "english",
  title    = "Subprocess management --- Python 3.13.1 documentation [Электронный ресурс]",
  note     = "Режим доступа URL: \url{https://docs.python.org/3/library/subprocess.html} (Дата обращения: 18.01.2025)"
}

@online{Tkinter,
  language = "english",
  title    = "Tkinter --- Python interface to Tcl/Tk [Электронный ресурс]",
  note     = "Режим доступа URL: \url{https://docs.python.org/3/library/tkinter.html} (Дата обращения: 18.01.2025)"
}

@online{Matplotlib,
  language = "english",
  title    = "Matplotlib —-- Visualization with Python [Электронный ресурс]",
  note     = "Режим доступа URL: \url{https://matplotlib.org} (Дата обращения: 18.01.2025)"
}

@online{Pyplot,
  language = "english",
  title    = "matplotlib.pyplot --- Matplotlib 3.5.3 documentation [Электронный ресурс]",
  note     = "Режим доступа URL: \url{https://matplotlib.org/3.5.3/api/_as_gen/matplotlib.pyplot.html} (Дата обращения: 18.01.2025)"
}

@online{OffsetBox,
  language = "english",
  title    = "matplotlib.offsetbox --- Matplotlib 3.10.3 documentation [Электронный ресурс]",
  note     = "Режим доступа URL: \url{https://matplotlib.org/stable/api/offsetbox_api.html} (Дата обращения: 18.01.2025)"
}
